<record><leader>00000cas a2200000 a 4500</leader><controlfield tag="001">28396197</controlfield><controlfield tag="008">930708d18731902iluwr ne      0    0eng c</controlfield><datafield ind1=" " ind2=" " tag="010"><subfield code="a">sn 93055743 </subfield></datafield><datafield ind1=" " ind2=" " tag="040"><subfield code="a">NVF</subfield><subfield code="b">eng</subfield><subfield code="c">NVF</subfield><subfield code="d">NVF</subfield><subfield code="d">OCLCF</subfield><subfield code="d">OCLCO</subfield></datafield><datafield ind1="1" ind2=" " tag="029"><subfield code="a">AU@</subfield><subfield code="b">000020744916</subfield></datafield><datafield ind1="0" ind2=" " tag="041"><subfield code="a">eng</subfield><subfield code="a">ger</subfield></datafield><datafield ind1=" " ind2=" " tag="042"><subfield code="a">pcc</subfield></datafield><datafield ind1=" " ind2=" " tag="043"><subfield code="a">n-us-il</subfield></datafield><datafield ind1="0" ind2=" " tag="130"><subfield code="a">Calhoun herald (Hardin, Ill. : 1873)</subfield></datafield><datafield ind1="1" ind2="0" tag="245"><subfield code="a">Calhoun herald.</subfield></datafield><datafield ind1=" " ind2=" " tag="260"><subfield code="a">Hardin, Calhoun County, Ill. :</subfield><subfield code="b">Herald Pub. Co.</subfield></datafield><datafield ind1=" " ind2=" " tag="300"><subfield code="a">v.</subfield></datafield><datafield ind1=" " ind2=" " tag="310"><subfield code="a">Weekly</subfield></datafield><datafield ind1="1" ind2=" " tag="362"><subfield code="a">Began in 1873.</subfield></datafield><datafield ind1="0" ind2=" " tag="362"><subfield code="a">-v. 30, no. 3 (Apr. 17, 1902).</subfield></datafield><datafield ind1=" " ind2=" " tag="546"><subfield code="a">Chiefly in English; some also in German &lt;Apr. 24-Oct. 2, 1873&gt;.</subfield></datafield><datafield ind1=" " ind2=" " tag="580"><subfield code="a">Merged with: Calhoun times (Batchtown, Ill.), to form: Calhoun times-herald.</subfield></datafield><datafield ind1=" " ind2=" " tag="588"><subfield code="a">Description based on: Vol. 1, no. 2 (Apr. 24, 1873).</subfield></datafield><datafield ind1=" " ind2="0" tag="650"><subfield code="a">German Americans</subfield><subfield code="z">Illinois</subfield><subfield code="v">Newspapers.</subfield></datafield><datafield ind1=" " ind2="0" tag="650"><subfield code="a">Germans</subfield><subfield code="z">Illinois</subfield><subfield code="v">Newspapers.</subfield></datafield><datafield ind1=" " ind2="0" tag="651"><subfield code="a">Hardin (Ill.)</subfield><subfield code="v">Newspapers.</subfield></datafield><datafield ind1=" " ind2="0" tag="651"><subfield code="a">Calhoun County (Ill.)</subfield><subfield code="v">Newspapers.</subfield></datafield><datafield ind1=" " ind2="7" tag="655"><subfield code="a">Newspapers.</subfield><subfield code="2">fast</subfield><subfield code="0">(OCoLC)fst01423814</subfield></datafield><datafield ind1=" " ind2="7" tag="650"><subfield code="a">German Americans.</subfield><subfield code="2">fast</subfield><subfield code="0">(OCoLC)fst00941308</subfield></datafield><datafield ind1=" " ind2="7" tag="650"><subfield code="a">Germans.</subfield><subfield code="2">fast</subfield><subfield code="0">(OCoLC)fst00942100</subfield></datafield><datafield ind1=" " ind2="7" tag="651"><subfield code="a">Illinois.</subfield><subfield code="2">fast</subfield><subfield code="0">(OCoLC)fst01205143</subfield></datafield><datafield ind1=" " ind2="7" tag="651"><subfield code="a">Illinois</subfield><subfield code="z">Calhoun County.</subfield><subfield code="2">fast</subfield><subfield code="0">(OCoLC)fst01214771</subfield></datafield><datafield ind1=" " ind2="7" tag="651"><subfield code="a">Illinois</subfield><subfield code="z">Hardin.</subfield><subfield code="2">fast</subfield><subfield code="0">(OCoLC)fst01209116</subfield></datafield><datafield ind1=" " ind2=" " tag="752"><subfield code="a">United States</subfield><subfield code="b">Illinois</subfield><subfield code="c">Calhoun</subfield><subfield code="d">Hardin.</subfield></datafield><datafield ind1="1" ind2="7" tag="785"><subfield code="t">Calhoun times (Batchtown, Ill.)</subfield><subfield code="w">(DLC)sn 93055744</subfield><subfield code="w">(OCoLC)28396265</subfield></datafield><datafield ind1="1" ind2="7" tag="785"><subfield code="t">Calhoun times-herald</subfield><subfield code="w">(DLC)sn 93055745</subfield><subfield code="w">(OCoLC)28396319</subfield></datafield></record>